<record><leader>00000cas a22000007a 4500</leader><controlfield tag="001">18840654</controlfield><controlfield tag="008">881205d19051907nduwr ne      0    0eng d</controlfield><datafield ind1=" " ind2=" " tag="010"><subfield code="a">sn 88076500 </subfield></datafield><datafield ind1=" " ind2=" " tag="040"><subfield code="a">NOP</subfield><subfield code="b">eng</subfield><subfield code="c">NOP</subfield><subfield code="d">OCLCQ</subfield></datafield><datafield ind1=" " ind2=" " tag="042"><subfield code="a">msc</subfield></datafield><datafield ind1="0" ind2="0" tag="245"><subfield code="a">McCumber herald.</subfield></datafield><datafield ind1=" " ind2=" " tag="260"><subfield code="a">McCumber, Rolette Co., N.D. :</subfield><subfield code="b">Chas. W. Sibley</subfield></datafield><datafield ind1=" " ind2=" " tag="300"><subfield code="a">3 v. :</subfield><subfield code="b">ill. ;</subfield><subfield code="c">50 cm.</subfield></datafield><datafield ind1=" " ind2=" " tag="310"><subfield code="a">Weekly</subfield></datafield><datafield ind1="0" ind2=" " tag="362"><subfield code="a">Vol. 1, no. 1 (Sept. 28, 1905)-v. 3, no. 7 (Nov. 14, 1907).</subfield></datafield><datafield ind1=" " ind2=" " tag="500"><subfield code="a">Back page entitled "Thorne news," Apr. 12-Oct. 25, 1906.</subfield></datafield><datafield ind1=" " ind2=" " tag="530"><subfield code="a">Available on microfilm from the State Historical Society of North Dakota.</subfield></datafield><datafield ind1=" " ind2=" " tag="752"><subfield code="a">United States</subfield><subfield code="b">North Dakota</subfield><subfield code="c">Rolette</subfield><subfield code="d">McCumber.</subfield></datafield><datafield ind1="0" ind2="0" tag="785"><subfield code="t">Rolette record and McCumber herald</subfield><subfield code="w">(DLC)sn 88076501</subfield></datafield></record>